@article{Levi11,
    author      = {Tamir Levi and Ami Litman},
    title       = {{Bitonic sorters of minimal depth}},
    journal     = {Theoretical Computer Science},
    year        = {2011},
    volume      = {412},
    number      = {22},
    pages       = {2282 - 2295},
}

@article{Asin11,
    author      = {Roberto As\'{\i}n and Robert Nieuwenhuis and Albert Oliveras and Enric Rodr\'{\i}guez-Carbonell},
    title       = {{Cardinality Networks: a theoretical and empirical study}},
    journal     = {Constraints},
    year        = {2011},
    volume      = {16},
    number      = {2},
    pages       = {195-221},
}

@article{Hoeve09,
    author    = {Willem Jan van Hoeve and Gilles Pesant and Louis-Martin Rousseau and Ashish Sabharwal},
    title     = {{New filtering algorithms for combinations of among constraints}},
    journal   = {Constraints},
    volume    = {14},
    number    = {2},
    year      = {2009},
    pages     = {273-292},
}


@article{Tamura09,
    author      = {Naoyuki Tamura and Akiko Taga and Satoshi Kitagawa and Mutsunori Banbara},
    title       = {{Compiling finite linear CSP into SAT}},
    journal     = {Constraints},
    year        = {2009},
    volume      = {14},
    number      = {2},
    pages       = {254-272},
} 

@article{Seshia07,
    author      = {Sanjit A. Seshia and K. Subramani and Randal E. Bryant},
    title       = {{On Solving Boolean Combinations of UTVPI Constraints}},
    journal     = {JSAT},
    year        = {2007},
    volume      = {3},
    number      = {1-2},
    pages       = {67-90},
}

@article{Een06,
    author      = {Niklas E{\'e}n and Niklas S{\"o}rensson},
    title       = {{Translating Pseudo-Boolean Constraints into SAT}},
    journal     = {JSAT},
    year        = {2006},
    volume      = {2},
    number      = {1-4},
    pages       = {1-26},
}

@article{Gravel05,
    author      = {Gravel, M. and Gagn\'{e}, C. and Price, W. L.},
    title       = {{Review and Comparison of Three Methods for the Solution of the Car Sequencing Problem}},
    journal     = {The Journal of the Operational Research Society},
    year        = {2005},
    number      = {11},
    pages       = {1287--1295},
    publisher   = {Palgrave Macmillan Journals on behalf of the Operational Research Society},
    volume      = {56}, 
}

@inproceedings{Siala12,
    author      = {Mohamed Siala and Emmanuel Hebrard and Marie-Jos{\'e} Huguet},
    title       = {{An Optimal Arc Consistency Algorithm for a Chain of Atmost Constraints with Cardinality}},
    year        = {2012},
    booktitle   = {CP},
    pages       = {55-69},
}

@inproceedings{Codish10,
    author      = {Michael Codish and Moshe Zazon-Ivry},
    title       = {{Pairwise Cardinality Networks}},
    year        = {2010},
    booktitle   = {LPAR (Dakar)},
    pages       = {154-172},
} 

@inproceedings{Bessiere09,
    author      = {Christian Bessiere and George Katsirelos and Nina Narodytska and Toby Walsh},
    title       = {{Circuit Complexity and Decompositions of Global Constraints}},
    booktitle   = {IJCAI},
    year        = {2009},
    pages       = {412-418},
}

@inproceedings{Bacchus07,
    author      = {Fahiem Bacchus},
    title       = {{GAC Via Unit Propagation}},
    booktitle   = {CP},
    year        = {2007},
    pages       = {133-147},
}

@inproceedings{Brand07,
    author      = {Sebastian Brand and Nina Narodytska and Claude-Guy Quimper and Peter J.  Stuckey and Toby Walsh},
    title       = {{Encodings of the Sequence Constraint}},
    booktitle   = {CP},
    year        = {2007},
    pages       = {210-224},
}

@inproceedings{Hoeve06,
    author      = {Willem Jan van Hoeve and Gilles Pesant and Louis-Martin Rousseau and Ashish Sabharwal},
    title       = {{Revisiting the Sequence Constraint}},
    booktitle   = {CP},
    year        = {2006},
    pages       = {620-634},
}

@inproceedings{Gent99,
    author      = {Ian P. Gent and Toby Walsh},
    title       = {{CSP$_{\mbox{LIB}}$: A Benchmark Library for Constraints}},
    booktitle   = {CP},
    year        = {1999},
    pages       = {480-481},
}

@inproceedings{Batcher68,
    author      = {Kenneth E. Batcher},
    title       = {{Sorting Networks and Their Applications}},
    booktitle   = {AFIPS Spring Joint Computing Conference},
    year        = {1968},
    pages       = {307-314},
}
