@article{Kullmann13,
    author      = {Matthew Gwynne and Oliver Kullmann},
    title       = {{Towards a theory of good SAT representations}},
    journal     = {CoRR},
    volume      = {abs/1302.4421},
    year        = {2013},
}

@article{Metodi13,
    author      = {Amit Metodi and Michael Codish and Peter J. Stuckey},
    title       = {{Boolean Equi-propagation for Concise and Efficient SAT Encodings of Combinatorial Problems}},
    journal     = {J. Artif. Intell. Res. (JAIR)},
    volume      = {46},
    year        = {2013},
    pages       = {303-341},
}


@article{Abio12,
    author      = {Ignasi Ab\'{\i}o and Robert Nieuwenhuis and Albert Oliveras and Enric Rodr\'{\i}guez-Carbonell and Valentin
        Mayer-  Eichberger},
    title       = {{A New Look at BDDs for Pseudo-Boolean Constraints}},
    journal     = {J. Artif. Intell. Res. (JAIR)},
    volume      = {45},
    year        = {2012},
    pages       = {443-480},
}

@article{Levi11,
    author      = {Tamir Levi and Ami Litman},
    title       = {{Bitonic sorters of minimal depth}},
    journal     = {Theoretical Computer Science},
    year        = {2011},
    volume      = {412},
    number      = {22},
    pages       = {2282 - 2295},
}

@article{Geist11,
    author      = {Christian Geist and Ulrich Endriss},
    title       = {Automated Search for Impossibility Theorems in Social Choice Theory: Ranking Sets of Objects}},
    journal     = {J. Artif. Intell. Res. (JAIR)},
    volume      = {40},
    year        = {2011},
    pages       = {143-174},
}

@article{Asin11,
    author      = {Roberto As\'{\i}n and Robert Nieuwenhuis and Albert Oliveras and Enric Rodr\'{\i}guez-Carbonell},
    title       = {{Cardinality Networks: a theoretical and empirical study}},
    journal     = {Constraints},
    year        = {2011},
    volume      = {16},
    number      = {2},
    pages       = {195-221},
}

@article{Hoeve09,
    author      = {Willem Jan van Hoeve and Gilles Pesant and Louis-Martin Rousseau and Ashish Sabharwal},
    title       = {{New filtering algorithms for combinations of among constraints}},
    journal     = {Constraints},
    volume      = {14},
    number      = {2},
    year        = {2009},
    pages       = {273-292},
}

@article{Tang09,
    author      = {Pingzhong Tang and Fangzhen Lin},
    title       = {{Computer-aided proofs of Arrow's and other impossibility theorems}},
    journal     = {Artificial Intelligence},
    volume      = {173},
    number      = {11},
    year        = {2009},
    pages       = {1041-1053},
} 

@article{Tamura09,
    author      = {Naoyuki Tamura and Akiko Taga and Satoshi Kitagawa and Mutsunori Banbara},
    title       = {{Compiling finite linear CSP into SAT}},
    journal     = {Constraints},
    year        = {2009},
    volume      = {14},
    number      = {2},
    pages       = {254-272},
} 


@article{Solnon08,
    author      = {Christine Solnon and Van-Dat Cung and Alain Nguyen and Christian Artigues},
    title       = {{The car sequencing problem: Overview of state-of-the-art methods and industrial case-study of the
        ROADEF  '2005 challenge problem}},
    journal     = {European Journal of Operational Research},
    volume      = {191},
    number      = {3},
    year        = {2008},
}

@article{Prandtstetter08,
    author      = {Matthias Prandtstetter and G{\"u}nther R. Raidl},
    title       = {{An integer linear programming approach and a hybrid variable neighborhood search for the car sequencing problem}},
    journal     = {European Journal of Operational Research},
    volume      = {191},
    number      = {3},
    year        = {2008},
    pages       = {1004-1022},
}


@article{Fliedner08,
    author      = {Malte Fliedner and Nils Boysen},
    title       = {{Solving the car sequencing problem via Branch {\&} Bound}},
    journal     = {European Journal of Operational Research},
    volume      = {191},
    number      = {3},
    year        = {2008},
    pages       = {1023-1042},
}

@article{Seshia07,
    author      = {Sanjit A. Seshia and K. Subramani and Randal E. Bryant},
    title       = {{On Solving Boolean Combinations of UTVPI Constraints}},
    journal     = {JSAT},
    year        = {2007},
    volume      = {3},
    number      = {1-2},
    pages       = {67-90},
}

@article{Estellon06,
    author      = {Bertrand Estellon and Fr{\'e}d{\'e}ric Gardi and Karim Nouioua},
    title       = {{Large neighborhood improvements for solving car sequencing problems}},
    journal     = {RAIRO - Operations Research},
    volume      = {40},
    number      = {4},
    year        = {2006},
    pages       = {355-379},
}

@article{Drexl06,
    author      = {Andreas Drexl and Alf Kimms and Lars Matthie{\ss}en},
    title       = {{Algorithms for the car sequencing and the level scheduling problem}},
    journal     = {J. Scheduling},
    volume      = {9},
    number      = {2},
    year        = {2006},
    pages       = {153-176},
}

@article{Een06,
    author      = {Niklas E{\'e}n and Niklas S{\"o}rensson},
    title       = {{Translating Pseudo-Boolean Constraints into SAT}},
    journal     = {Journal on Satisfiability, Boolean Modeling and Computation},
    year        = {2006},
    volume      = {2},
    number      = {1-4},
    pages       = {1-26},
}

@article{Lifschitz06,
    author      = {Vladimir Lifschitz and Alexander A. Razborov},
    title       = {{Why are there so many loop formulas?}},
    journal     = {ACM Trans. Comput. Log.},
    volume      = {7},
    number      = {2},
    year        = {2006},
    pages       = {261-268},
}


@article{Gravel05,
    author      = {Gravel, M. and Gagn\'{e}, C. and Price, W. L.},
    title       = {{Review and Comparison of Three Methods for the Solution of the Car Sequencing Problem}},
    journal     = {The Journal of the Operational Research Society},
    year        = {2005},
    number      = {11},
    pages       = {1287--1295},
    volume      = {56}, 
}

@article{Kis04,
    author    = {Tam{\'a}s Kis},
    title       = {{On the complexity of the car sequencing problem}},
    journal     = {Operations Research Letters},
    volume      = {32},
    number      = {4},
    pages       = {331 - 335},
    year        = {2004}
}

@article{Plaisted86,
    author      = {David A. Plaisted and Steven Greenbaum},
    title       = {{A Structure-Preserving Clause Form Translation}},
    journal     = {J. Symb. Comput.},
    volume      = {2},
    number      = {3},
    year        = {1986},
}

@article{Tseitin83,
    author      = {G. Tseitin},
    title       = {{On the Complexity of Derivation in Propositional Calculus}},
    journal     = {Automation of Reasoning: Classical Papers in Computational Logic},
    volume      = {2},
    year        = {1983},
    pages       = {466-483},
    publisher   = {Springer-Verlag}
}

@inproceedings{Cook71,
    author      = {Stephen A. Cook},
    title       = {{The Complexity of Theorem-Proving Procedures}},
    booktitle   = {STOC},
    year        = {1971},
    pages       = {151-158},
}

@article{Putnam60,
    author      = {Martin Davis and Hilary Putnam},
    title       = {{A Computing Procedure for Quantification Theory}},
    journal     = {J. ACM},
    volume      = {7},
    number      = {3},
    year        = {1960},
    pages       = {201-215},
}


@inproceedings{Siala12,
    author      = {Mohamed Siala and Emmanuel Hebrard and Marie-Jos{\'e} Huguet},
    title       = {{An Optimal Arc Consistency Algorithm for a Chain of Atmost Constraints with Cardinality}},
    year        = {2012},
    booktitle   = {CP},
    pages       = {55-69},
}

@inproceedings{Janhunen11,
    author      = {Tomi Janhunen and Ilkka Niemel{\"a}},
    title       = {{Compact Translations of Non-disjunctive Answer Set Programs to Propositional Clauses}},
    booktitle   = {Logic Programming, Knowledge Representation, and Nonmonotonic Reasoning},
    year        = {2011},
    pages       = {111-130},
}

@inproceedings{Codish10,
    author      = {Michael Codish and Moshe Zazon-Ivry},
    title       = {{Pairwise Cardinality Networks}},
    year        = {2010},
    booktitle   = {LPAR (Dakar)},
    pages       = {154-172},
} 

@inproceedings{Bessiere09,
    author      = {Christian Bessiere and George Katsirelos and Nina Narodytska and Toby Walsh},
    title       = {{Circuit Complexity and Decompositions of Global Constraints}},
    booktitle   = {IJCAI},
    year        = {2009},
    pages       = {412-418},
}

@inproceedings{Gebser09,
    author      = {Martin Gebser and Roland Kaminski and Benjamin Kaufmann and Torsten Schaub},
    title       = {{On the Implementation of Weight Constraint Rules in Conflict-Driven ASP Solvers}},
    booktitle   = {ICLP},
    year        = {2009},
    pages       = {250-264},
}

@inproceedings{Bessiere08,
    author      = {Christian Bessiere and Emmanuel Hebrard and Brahim Hnich and Zeynep Kiziltan and Claude-Guy Quimper and Toby Walsh},
    title       = {{The Parameterized Complexity of Global Constraints}},
    booktitle   = {AAAI},
    year        = {2008},
    pages       = {235-240},
}

@inproceedings{Gebser07,
    author      = {Martin Gebser and Benjamin Kaufmann and Andr{\'e} Neumann and Torsten Schaub},
    title       = {{\it clasp} : A Conflict-Driven Answer Set Solver},
    booktitle   = {LPNMR},
    year        = {2007},
    pages       = {260-265},
}

@inproceedings{Silva07,
    author      = {Jo{\~a}o P. Marques Silva and In{\^e}s Lynce},
    title       = {{Towards Robust CNF Encodings of Cardinality Constraints}},
    booktitle   = {CP},
    year        = {2007},
    pages       = {483-497},
}

@inproceedings{Bacchus07,
    author      = {Fahiem Bacchus},
    title       = {{GAC Via Unit Propagation}},
    booktitle   = {CP},
    year        = {2007},
    pages       = {133-147},
}

@inproceedings{Brand07,
    author      = {Sebastian Brand and Nina Narodytska and Claude-Guy Quimper and Peter J.  Stuckey and Toby Walsh},
    title       = {{Encodings of the Sequence Constraint}},
    booktitle   = {CP},
    year        = {2007},
    pages       = {210-224},
}

@inproceedings{Dimopoulos06,
    author      = {Yannis Dimopoulos and Kostas Stergiou},
    title       = {{Propagation in CSP and SAT}},
    booktitle   = {CP},
    year        = {2006},
    pages       = {137-151},
}

@inproceedings{Hoeve06,
    author      = {Willem Jan van Hoeve and Gilles Pesant and Louis-Martin Rousseau and Ashish Sabharwal},
    title       = {{Revisiting the Sequence Constraint}},
    booktitle   = {CP},
    year        = {2006},
    pages       = {620-634},
}

@inproceedings{Sinz05,
    author      = {Carsten Sinz},
    title       = {{Towards an Optimal CNF Encoding of Boolean Cardinality Constraints}},
    booktitle   = {CP},
    year        = {2005},
    pages       = {827-831},
}

@inproceedings{Atserias04,
    author      = {Albert Atserias and Phokion G. Kolaitis and Moshe Y. Vardi},
    title       = {{Constraint Propagation as a Proof System}},
    booktitle   = {CP},
    year        = {2004},
    pages       = {77-91},
}

@inproceedings{Perron04,
    author      = {Laurent Perron and Paul Shaw},
    title       = {{Combining Forces to Solve the Car Sequencing Problem}},
    booktitle   = {CPAIOR},
    year        = {2004},
    pages       = {225-239},
}

@inproceedings{Gottlieb03,
    author      = {Jens Gottlieb and Markus Puchta and Christine Solnon},
    title       = {{A Study of Greedy, Local Search, and Ant Colony Optimization Approaches for Car Sequencing Problems}},
    booktitle   = {EvoWorkshops},
    year        = {2003},
    pages       = {246-257},
}

@inproceedings{Een03,
    author      = {Niklas E{\'e}n and Niklas S{\"o}rensson},
    title       = {{An Extensible SAT-solver}},
    booktitle   = {SAT},
    year        = {2003},
    pages       = {502-518},
}

@inproceedings{Gent02,
    author      = {Ian P. Gent},
    title       = {{Arc Consistency in SAT}},
    booktitle   = {ECAI},
    year        = {2002},
    pages       = {121-125},
}

@article{Simons02,
    author      = {Patrik Simons and Ilkka Niemel{\"a} and Timo Soininen},
    title       = {{Extending and implementing the stable model semantics}},
    journal     = {Artif. Intell.},
    volume      = {138},
    number      = {1-2},
    year        = {2002},
    pages       = {181-234},
}

@inproceedings{Walsh00,
    author      = {Toby Walsh},
    title       = {{SAT v CSP}},
    booktitle   = {CP},
    year        = {2000},
    pages       = {441-456},
}  
@inproceedings{Gent99,
    author      = {Ian P. Gent and Toby Walsh},
    title       = {{CSP$_{\mbox{LIB}}$: A Benchmark Library for Constraints}},
    booktitle   = {CP},
    year        = {1999},
    pages       = {480-481},
}

@inproceedings{Regin97,
    author      = {Jean-Charles R{\'e}gin and Jean-Francois Puget},
    title       = {{A Filtering Algorithm for Global Sequencing Constraints}},
    booktitle   = {CP},
    year        = {1997},
    pages       = {32-46},
}

@inproceedings{Batcher68,
    author      = {Kenneth E. Batcher},
    title       = {{Sorting Networks and Their Applications}},
    booktitle   = {AFIPS Spring Joint Computing Conference},
    year        = {1968},
    pages       = {307-314},
}

@inproceedings{Gent98,
    author      = {Ian P. Gent},
    title       = {{Two Results on Car-sequencing Problems}},
    booktitle   = {Report APES-02-1998},
    institution = {},
    year        = {1998}
}  

@proceedings{Biere09,
    editor      = {Armin Biere and Marijn Heule and Hans van Maaren and Toby Walsh},
    title       = {{Handbook of Satisfiability}},
    booktitle   = {{Handbook of Satisfiability}},
    publisher   = {IOS Press},
    series      = {Frontiers in Artificial Intelligence and Applications},
    volume      = {185},
    year        = {2009},
}


@book{Rossi06,
    author      = {Francesca Rossi and Peter van Beek and Toby Walsh}, 
    title       = {Handbook of Constraint Programming (Foundations of Artificial Intelligence)}, 
    year        = {2006},
    publisher   = {Elsevier Science Inc.},
    address     = {New York, NY, USA},
    isbn        = {0444527265},
} 

@book{Johnson79,
    author      = {M. R. Garey and David S. Johnson},
    title       = {{Computers and Intractability: A Guide to the Theory of NP-Completeness}},
    publisher   = {W. H. Freeman},
    year        = {1979},
    isbn        = {0-7167-1044-7},
}
